%MOSES Publications




@INPROCEEDINGS{Kankelborg2001,
   author = {{Kankelborg}, C.~C. and {Thomas}, R.~J.},
    title = "{Simultaneous imaging and spectroscopy of the solar atmosphere: advantages and challenges of a 3-order slitless spectrograph}",
booktitle = {UV/EUV and Visible Space Instrumentation for Astronomy and Solar Physics},
     year = 2001,
   series = {\procspie},
   volume = 4498,
   editor = {{Siegmund}, O.~H. and {Fineschi}, S. and {Gummin}, M.~A.},
    month = dec,
    pages = {16-26},
      doi = {10.1117/12.450074},
   adsurl = {http://adsabs.harvard.edu/abs/2001SPIE.4498...16K},
  adsnote = {Provided by the SAO/NASA Astrophysics Data System}
}


@ARTICLE{Fox2010,
   author = {{Fox}, J.~L. and {Kankelborg}, C.~C. and {Thomas}, R.~J.},
    title = "{A Transition Region Explosive Event Observed in He II with the MOSES Sounding Rocket}",
  journal = {\apj},
 keywords = {instrumentation: spectrographs, space vehicles: instruments, Sun: transition region, Sun: UV radiation, techniques: imaging spectroscopy},
     year = 2010,
    month = aug,
   volume = 719,
    pages = {1132-1143},
      doi = {10.1088/0004-637X/719/2/1132},
   adsurl = {http://adsabs.harvard.edu/abs/2010ApJ...719.1132F},
  adsnote = {Provided by the SAO/NASA Astrophysics Data System}
}

@INPROCEEDINGS{Courrier2015,
   author = {{Courrier}, H.~T. and {Kankelborg}, C.~C.},
    title = "{Using local correlation tracking to solar spectral information from a slitless spectrograph}",
booktitle = {Image and Signal Processing for Remote Sensing XXI},
     year = 2015,
   series = {\procspie},
   volume = 9643,
    month = oct,
      eid = {96431Z},
    pages = {96431Z},
      doi = {10.1117/12.2194607},
   adsurl = {http://adsabs.harvard.edu/abs/2015SPIE.9643E..1ZC},
  adsnote = {Provided by the SAO/NASA Astrophysics Data System}
}

@INPROCEEDINGS{Parker2016,
   author = {{Parker}, J. and {Kankelborg}, C.},
    title = "{Determining the Spectral Content of MOSES Images}",
booktitle = {AAS/Solar Physics Division Abstracts \#47},
     year = 2016,
   series = {AAS/Solar Physics Division Meeting},
   volume = 47,
    month = may,
      eid = {2.04},
    pages = {2.04},
   adsurl = {http://adsabs.harvard.edu/abs/2016SPD....47.0204P},
  adsnote = {Provided by the SAO/NASA Astrophysics Data System}
}


\@INPROCEEDINGS{Rust2016,
   author = {{Rust}, T. and {Kankelborg}, C.~C.},
    title = "{Transition Region Explosive Events in He II 304{\AA}: Observation and Analysis}",
booktitle = {AAS/Solar Physics Division Meeting},
     year = 2016,
   series = {AAS/Solar Physics Division Meeting},
   volume = 47,
    month = may,
      eid = {101.01},
    pages = {101.01},
   adsurl = {http://adsabs.harvard.edu/abs/2016SPD....4710101R},
  adsnote = {Provided by the SAO/NASA Astrophysics Data System}
}

@INPROCEEDINGS{Smart2016,
   author = {{Smart}, R. and {Courrier}, H. and {Kankelborg}, C.},
    title = "{Preliminary Results of the MOSES II 2015 Flight}",
booktitle = {AAS/Solar Physics Division Abstracts \#47},
     year = 2016,
   series = {AAS/Solar Physics Division Meeting},
   volume = 47,
    month = may,
      eid = {309.01},
    pages = {309.01},
   adsurl = {http://adsabs.harvard.edu/abs/2016SPD....4730901S},
  adsnote = {Provided by the SAO/NASA Astrophysics Data System}
}



@INPROCEEDINGS{Smart2017,
   author = {{Smart}, R. and {Kankelborg}, C.~C. and {Bonham}, N. and {Courrier}, H.
	},
    title = "{Measuring Plasma Flows in Transition Region Loops Using the MOSES Instrument}",
booktitle = {AAS/Solar Physics Division Abstracts \#48},
     year = 2017,
   series = {AAS/Solar Physics Division Meeting},
   volume = 48,
    month = aug,
      eid = {106.10},
    pages = {106.10},
   adsurl = {http://adsabs.harvard.edu/abs/2017SPD....4810610S},
  adsnote = {Provided by the SAO/NASA Astrophysics Data System}
}

@PHDTHESIS{Rust2017,
   author = {{Rust}, T.~L.},
    title = "{Explosive Events in the Quiet Sun: Extreme Ultraviolet Imaging Spectroscopy Instrumentation and Observations}",
   school = {Montana State University},
     year = 2017,
   adsurl = {http://adsabs.harvard.edu/abs/2017PhDT........71R},
  adsnote = {Provided by the SAO/NASA Astrophysics Data System}
}







@INPROCEEDINGS{Owens2005,
   author = {{Owens}, S.~M. and {Gum}, J.~S. and {Tarrio}, C. and {Grantham}, S. and 
	{Dvorak}, J. and {Kjornrattanawanich}, B. and {Keski-Kuha}, R. and 
	{Thomas}, R.~J. and {Kankelborg}, C.~C.},
    title = "{Narrow-band EUV multilayer coating for the MOSES sounding rocket}",
booktitle = {Optics for EUV, X-Ray, and Gamma-Ray Astronomy II},
     year = 2005,
   series = {\procspie},
   volume = 5900,
   editor = {{Citterio}, O. and {O'Dell}, S.~L.},
    month = aug,
    pages = {5-13},
      doi = {10.1117/12.617520},
   adsurl = {http://adsabs.harvard.edu/abs/2005SPIE.5900....5O},
  adsnote = {Provided by the SAO/NASA Astrophysics Data System}
}


%Spectra

@ARTICLE{Brosius1998,
   author = {{Brosius}, J.~W. and {Davila}, J.~M. and {Thomas}, R.~J.},
    title = "{Solar Active Region and Quiet-Sun Extreme-Ultraviolet Spectra from SERTS-95}",
  journal = {\apjs},
 keywords = {INSTRUMENTATION: SPECTROGRAPHS, SUN: ACTIVITY, SUN: CORONA, SUN: UV RADIATION, Instrumentation: Spectrographs, Sun: Activity, Sun: Corona, Sun: UV Radiation},
     year = 1998,
    month = dec,
   volume = 119,
    pages = {255-276},
      doi = {10.1086/313163},
   adsurl = {http://adsabs.harvard.edu/abs/1998ApJS..119..255B},
  adsnote = {Provided by the SAO/NASA Astrophysics Data System}
}





